<record><leader>00000cas a22000007a 4500</leader><controlfield tag="001">11478197</controlfield><controlfield tag="008">841211c19689999txudn ne      0   a0eng d</controlfield><datafield ind1=" " ind2=" " tag="010"><subfield code="a">sn 84002114 </subfield></datafield><datafield ind1=" " ind2=" " tag="040"><subfield code="a">NSD</subfield><subfield code="b">eng</subfield><subfield code="c">NSD</subfield><subfield code="d">OCL</subfield><subfield code="d">PPM</subfield><subfield code="d">OCL</subfield><subfield code="d">PPM</subfield><subfield code="d">OCLCQ</subfield><subfield code="d">CUS</subfield><subfield code="d">OCLCQ</subfield><subfield code="d">OCLCF</subfield><subfield code="d">CRL</subfield></datafield><datafield ind1=" " ind2=" " tag="012"><subfield code="m">1</subfield></datafield><datafield ind1=" " ind2=" " tag="019"><subfield code="a">17187255</subfield></datafield><datafield ind1="1" ind2=" " tag="022"><subfield code="a">8750-524X</subfield><subfield code="l">8750-524X</subfield><subfield code="2">1</subfield></datafield><datafield ind1=" " ind2=" " tag="032"><subfield code="a">594160</subfield><subfield code="b">USPS</subfield></datafield><datafield ind1=" " ind2=" " tag="037"><subfield code="b">The Monitor, P.O. Box 760, McAllen, TX 78501</subfield></datafield><datafield ind1=" " ind2=" " tag="042"><subfield code="a">nsdp</subfield></datafield><datafield ind1=" " ind2=" " tag="043"><subfield code="a">n-us-tx</subfield></datafield><datafield ind1="1" ind2="4" tag="050"><subfield code="a">Newspaper</subfield></datafield><datafield ind1="0" ind2=" " tag="130"><subfield code="a">Monitor (McAllen, Tex.)</subfield></datafield><datafield ind1=" " ind2="4" tag="222"><subfield code="a">The Monitor</subfield><subfield code="b">(McAllen, Tex.)</subfield></datafield><datafield ind1="1" ind2="4" tag="245"><subfield code="a">The monitor.</subfield></datafield><datafield ind1=" " ind2=" " tag="260"><subfield code="a">McAllen, Tex. :</subfield><subfield code="b">Monitor Division of Freedom Newspapers,</subfield><subfield code="c">1968-</subfield></datafield><datafield ind1=" " ind2=" " tag="310"><subfield code="a">Daily,</subfield><subfield code="b">&lt;Nov. 10, 1984-&gt;</subfield></datafield><datafield ind1=" " ind2=" " tag="321"><subfield code="a">Daily (except Sat.)</subfield></datafield><datafield ind1="0" ind2=" " tag="362"><subfield code="a">Vol. 58, no. 292 (June 9, 1968)-</subfield></datafield><datafield ind1=" " ind2="0" tag="651"><subfield code="a">McAllen (Tex.)</subfield><subfield code="v">Newspapers.</subfield></datafield><datafield ind1=" " ind2="7" tag="651"><subfield code="a">Texas</subfield><subfield code="z">McAllen.</subfield><subfield code="2">fast</subfield><subfield code="0">(OCoLC)fst01221785</subfield></datafield><datafield ind1=" " ind2="7" tag="655"><subfield code="a">Newspapers.</subfield><subfield code="2">fast</subfield><subfield code="0">(OCoLC)fst01423814</subfield></datafield><datafield ind1=" " ind2=" " tag="752"><subfield code="a">United States</subfield><subfield code="b">Texas</subfield><subfield code="c">Hidalgo</subfield><subfield code="d">McAllen.</subfield></datafield><datafield ind1="0" ind2="8" tag="776"><subfield code="i">Online version:</subfield><subfield code="t">Monitor (McAllen, Tex. : Online)</subfield><subfield code="x">8750-524X</subfield><subfield code="w">(OCoLC)232117746</subfield></datafield><datafield ind1="0" ind2="0" tag="780"><subfield code="t">Valley evening monitor</subfield><subfield code="w">(DLC)sn 86090076</subfield><subfield code="w">(OCoLC)14699466</subfield></datafield><datafield ind1=" " ind2=" " tag="936"><subfield code="a">Nov. 10, 1984</subfield></datafield><datafield ind1="1" ind2=" " tag="029"><subfield code="a">AU@</subfield><subfield code="b">000025837662</subfield></datafield></record>